%% This BibTeX bibliography file was created using BibDesk.
%% http://bibdesk.sourceforge.net/


%% Created for Eduardo Martínez Graciá at 2020-12-24 12:13:16 +0100 


%% Saved with string encoding Unicode (UTF-8) 


@article{paulViola,
	author = {Viola, Paul and Jones, Michael},
	year = {2001},
	month = {02},
	pages = {I-511},
	title = {Rapid Object Detection using a Boosted Cascade of Simple Features},
	volume = {1},
	isbn = {0-7695-1272-0},
	journal = {IEEE Conf Comput Vis Pattern Recognit},
	doi = {10.1109/CVPR.2001.990517}
}

@article{haar-like,
	author = {Mita, Takeshi and Kaneko, Toshimitsu and Hori, Osamu},
	year = {2005},
	month = {11},
	pages = {1619 - 1626 Vol. 2},
	title = {Joint Haar-like features for face detection},
	volume = {2},
	isbn = {0-7695-2334-X},
	journal = {IEEE Int Conf Comp Vis},
	doi = {10.1109/ICCV.2005.129}
}

@article{integral,
	author = {Derpanis, Konstantinos},
	year = {2007},
	month = {01},
	pages = {},
	title = {Integral image-based representations},
	volume = {1}
}

@MISC{integral-web,
	HOWPUBLISHED = "\url{https://aishack.in/tutorials/integral-images-opencv/}",
	AUTHOR = "AIShak",
	TITLE = "Integral images in OpenCV",
	MONTH = "Jun",
	YEAR = "2010",
	NOTE = "Acceso: 07-04-2021"
}

@article{adaboost1,
	author =  {E. Schapire, Robert},
	title = {Explaining AdaBoost},
	year = {2020},
	URL = {https://www.math.arizona.edu/~hzhang/math574m/},
	NOTE = "Acceso: 11-04-2021"
}

@article{adaboost2,
	author =  {Lee, Socret},
	title = {Understanding Face Detection with the Viola-Jones Object Detection Framework},
	year = {2020},
	URL = {https://towardsdatascience.com/understanding-face-detection-with-the-viola-jones-object-detection-framework-c55cc2a9da14},
	NOTE = "Acceso: 11-04-2021"
}

@book{gonzalez_woods_2018, 
	place={New York, NY}, 
	title={Digital image processing}, 
	publisher={Pearson}, 
	author={Gonzalez, Rafael C. and Woods, Richard E.}, year={2018}
}

@book{szeliski_2018, 
	place={}, 
	title={COMPUTER VISION: Algorithms and aplications.}, 
	publisher={SPRINGER NATURE}, 
	author={Szeliski, R.}, year={2021}
	ULR = {https://szeliski.org/Book/}
}

@article{histComputer,
	author = {Demush, Rostyslav},
	year = {2019},
	month = {02},
	title = {A Brief History of Computer Vision (and Convolutional Neural Networks)},
	URL = {https://hackernoon.com/a-brief-history-of-computer-vision-and-convolutional-neural-networks-8fe8aacc79f3}
}

@inproceedings{inproceedings,
	author = {Kazemi, Vahid and Sullivan, Josephine},
	year = {2014},
	month = {06},
	pages = {},
	title = {One Millisecond Face Alignment with an Ensemble of Regression Trees},
	doi = {10.13140/2.1.1212.2243}
}

@article{faceMesh,
	author =  {Google},
	title = {MediaPipe Face Mesh},
	year = {2020},
	URL = {https://google.github.io/mediapipe/solutions/face_mesh},
	NOTE = "Acceso: 21-04-2021"
}

@article{mediapipe,
	author = {Lugaresi, Camillo and Tang, Jiuqiang and Nash, Hadon and McClanahan, Chris and Uboweja, Esha and Hays, Michael and Zhang, Fan and Chang, Chuo-Ling and Yong, Ming and Lee, Juhyun and Chang, Wan-Teh and Hua, Wei and Georg, Manfred and Grundmann, Matthias},
	year = {2019},
	month = {06},
	pages = {},
	title = {MediaPipe: A Framework for Building Perception Pipelines}
}

@article{faceMesh2,
	author = {Kartynnik, Yury and Ablavatski, Artsiom and Grishchenko, Ivan and Grundmann, Matthias},
	year = {2019},
	month = {07},
	pages = {},
	title = {Real-time Facial Surface Geometry from Monocular Video on Mobile GPUs}
}

@article{blazeface,
	author = {Bazarevsky, Valentin and Kartynnik, Yury and Vakunov, Andrey and Raveendran, Karthik and Grundmann, Matthias},
	year = {2019},
	month = {07},
	pages = {},
	title = {BlazeFace: Sub-millisecond Neural Face Detection on Mobile GPUs}
}

@online{transferLearning,
	author = {TensorFlow},
	title = {Transferir el aprendizaje y la puesta a punto},
	year = 2021,
	url = {https://www.tensorflow.org/tutorials/images/transfer_learning},
	NOTE = "Acceso: 25-04-2021"
}

@article{faceMesh3,
	author = {Artsiom Ablavatski and Ivan Grishchenko, Research Engineers, Google AI},
	year = {2019},
	month = {03},
	pages = {},
	title = {Real-Time AR Self-Expression with Machine Learning},
	NOTE = "Acceso: 25-04-2021"
}

@online{dlib,
	author = {Dlib},
	title = {Dlib Library},
	year = 2021,
	url = {http://dlib.net},
	NOTE = "Acceso: 25-04-2021"
}

@article{cnn,
	author =  {Dumane, Govinda},
	title = {Introduction to Convolutional Neural Network (CNN) using Tensorflow},
	year = {2020},
	URL = {https://towardsdatascience.com/introduction-to-convolutional-neural-network-cnn-de73f69c5b83},
	NOTE = "Acceso: 28-04-2021"
}

@INPROCEEDINGS{hog,  
	author={Dalal, N. and Triggs, B.},  
	booktitle={2005 IEEE Computer Society Conference on Computer Vision and Pattern Recognition (CVPR'05)},   title={Histograms of oriented gradients for human detection},   
	year={2005},  
	volume={1},  
	number={},  
	pages={886-893 vol. 1},  
	doi={10.1109/CVPR.2005.177}}
